<?xml version="1.0" encoding="UTF-8"?><collection xmlns="http://www.loc.gov/MARC21/slim"><record><leader>00565nam--2200205-i-4500</leader><controlfield tag="001">000031924</controlfield><controlfield tag="002">20161230</controlfield><controlfield tag="005">20170204193207</controlfield><controlfield tag="008">060222s1000------------r-----000-0-rum-d</controlfield><datafield ind1=" " ind2=" " tag="040"><subfield code="a">IFIN-HH</subfield></datafield><datafield ind1=" " ind2=" " tag="041"><subfield code="a">rum</subfield></datafield><datafield ind1=" " ind2=" " tag="080"><subfield code="a">53(083)</subfield></datafield><datafield ind1="1" ind2=" " tag="100"><subfield code="a">Popescu, Ioan-Iovit</subfield></datafield><datafield ind1=" " ind2=" " tag="245"><subfield code="a">Mic memorator de fizica</subfield><subfield code="c">Ioan-Iovit Popescu, Anatolle Hristev, Nicolae Gherbanovschi, George Enescu</subfield></datafield><datafield ind1=" " ind2=" " tag="250"><subfield code="a">Editia A Doua</subfield></datafield><datafield ind1=" " ind2=" " tag="260"><subfield code="a">Bucuresti</subfield><subfield code="b">Editura Tehnica</subfield><subfield code="c">1976</subfield></datafield><datafield ind1=" " ind2=" " tag="300"><subfield code="a">376 p</subfield></datafield><datafield ind1="1" ind2=" " tag="700"><subfield code="a">Enescu, George</subfield></datafield><datafield ind1=" " ind2=" " tag="852"><subfield code="a">43123</subfield><subfield code="c">53</subfield></datafield><datafield ind1=" " ind2=" " tag="CAT"><subfield code="a">SYS</subfield><subfield code="c">20170204</subfield><subfield code="h">193207</subfield></datafield></record></collection>